<record><leader>00000cas a22000007a 4500</leader><controlfield tag="001">14866318</controlfield><controlfield tag="008">861124d19021904paudn ne      0    0eng d</controlfield><datafield ind1=" " ind2=" " tag="010"><subfield code="a">sn 87080654 </subfield></datafield><datafield ind1=" " ind2=" " tag="040"><subfield code="a">NPH</subfield><subfield code="b">eng</subfield><subfield code="c">NPH</subfield><subfield code="d">OCLCQ</subfield></datafield><datafield ind1=" " ind2=" " tag="042"><subfield code="a">msc</subfield></datafield><datafield ind1="0" ind2="0" tag="245"><subfield code="a">Butler daily eagle.</subfield></datafield><datafield ind1=" " ind2=" " tag="260"><subfield code="a">Butler, Pa. :</subfield><subfield code="b">Robinson &amp; Shiever,</subfield><subfield code="c">1902-1904.</subfield></datafield><datafield ind1=" " ind2=" " tag="300"><subfield code="a">3 v. :</subfield><subfield code="b">ill. ;</subfield><subfield code="c">60 cm.</subfield></datafield><datafield ind1=" " ind2=" " tag="310"><subfield code="a">Daily (except Sun.)</subfield></datafield><datafield ind1="0" ind2=" " tag="362"><subfield code="a">Vol. 1, no. 1 (May 19, 1902)-v. 3, no. 24 (June 15, 1904).</subfield></datafield><datafield ind1=" " ind2=" " tag="752"><subfield code="a">United States</subfield><subfield code="b">Pennsylvania</subfield><subfield code="c">Butler</subfield><subfield code="d">Butler.</subfield></datafield><datafield ind1="0" ind2=" " tag="775"><subfield code="t">Butler eagle (Butler, Pa. : Weekly)</subfield><subfield code="w">(DLC)sn 83032052</subfield></datafield><datafield ind1="0" ind2="0" tag="785"><subfield code="t">Butler eagle (Butler, Pa. : Daily)</subfield><subfield code="w">(DLC)sn 82000505</subfield></datafield></record>